@article{Vallis2018,
	title        = {Isca, v1.0: {A} framework for the global modelling of the atmospheres of Earth and other planets at varying levels of complexity},
	author       = {Vallis, Geoffrey K. and Colyer, Greg and Geen, Ruth and Gerber, Edwin and Jucker, Martin and Maher, Penelope and Paterson, Alexander and Pietschnig, Marianne and Penn, James and Thomson, Stephen I.},
	year         = 2018,
	month        = mar,
	journal      = {Geoscientific Model Development},
	publisher    = {Copernicus GmbH},
	volume       = 11,
	number       = 3,
	pages        = {843--859},
	doi          = {10.5194/gmd-11-843-2018},
	issn         = {1991-9603}
}
@article{Frierson2006,
	title        = {A Gray-Radiation Aquaplanet Moist {GCM.} Part I: {Static} Stability and Eddy Scale},
	author       = {Frierson, Dargan M.W. and Held, Isaac M. and Zurita-Gotor, Pablo},
	year         = 2006,
	month        = oct,
	journal      = {Journal of the Atmospheric Sciences},
	publisher    = {American Meteorological Society},
	volume       = 63,
	number       = 10,
	pages        = {2548--2566},
	doi          = {10.1175/jas3753.1},
	issn         = {1520-0469, 0022-4928}
}
@article{Byrne2013,
	title        = {{Land--Ocean} Warming Contrast over a Wide Range of Climates: {Convective} Quasi-Equilibrium Theory and Idealized Simulations},
	author       = {Byrne, Michael P. and O’Gorman, Paul A.},
	year         = 2013,
	month        = jun,
	journal      = {Journal of Climate},
	publisher    = {American Meteorological Society},
	volume       = 26,
	number       = 12,
	pages        = {4000--4016},
	doi          = {10.1175/jcli-d-12-00262.1},
	issn         = {0894-8755, 1520-0442}
}
@article{Geen2016,
	title        = {The effects of increasing humidity on heat transport by extratropical waves},
	author       = {Geen, Ruth and Czaja, Arnaud and Haigh, Joanna D.},
	year         = 2016,
	month        = aug,
	journal      = {Geophysical Research Letters},
	publisher    = {American Geophysical Union (AGU)},
	volume       = 43,
	number       = 15,
	pages        = {8314--8321},
	doi          = {10.1002/2016gl070214},
	issn         = {0094-8276}
}
@article{Clough2005,
	title        = {Atmospheric radiative transfer modeling: {A} summary of the {AER} codes},
	author       = {Clough, S.A. and Shephard, M.W. and Mlawer, E.J. and Delamere, J.S. and Iacono, M.J. and Cady-Pereira, K. and Boukabara, S. and Brown, P.D.},
	year         = 2005,
	month        = mar,
	journal      = {Journal of Quantitative Spectroscopy and Radiative Transfer},
	publisher    = {Elsevier BV},
	volume       = 91,
	number       = 2,
	pages        = {233--244},
	doi          = {10.1016/j.jqsrt.2004.05.058},
	issn         = {0022-4073}
}
@article{Ceppi2017,
	title        = {Cloud feedback mechanisms and their representation in global climate models},
	author       = {Ceppi, Paulo and Brient, Florent and Zelinka, Mark D. and Hartmann, Dennis L.},
	year         = 2017,
	month        = may,
	journal      = {Wiley Interdisciplinary Reviews: Climate Change},
	publisher    = {Wiley},
	volume       = 8,
	number       = 4,
	pages        = {e465},
	doi          = {10.1002/wcc.465},
	issn         = {1757-7780}
}
@book{IPCC2007Synth,
	title        = {Fourth Assessment Report: {Climate} Change 2007: {The} {AR4} Synthesis Report},
	author       = {Ipcc},
	year         = 2007,
	publisher    = {Geneva: IPCC},
	biburl       = {https://www.bibsonomy.org/bibtex/ 2ee8fa5001c307e9d40938c70c508cb77/sustdev\_ac},
	timestamp    = {2009-11-11T11:50:02.000+0100}
}
@article{Johannessen2004,
	title        = {Arctic climate change: {Observed} and modelled temperature and sea-ice variability},
	author       = {Johannessen, Ola M. and Bengtsson, Lennart and Miles, Martin W. and Kuzmina, Svetlana I. and Semenov, Vladimir A. and Alekseev, Genrikh V. and Nagurnyi, Andrei P. and Zakharov, Victor F. and Bobylev, Leonid P. and Pettersson, Lasse H. and Hasselmann, Klaus and Cattle, Howard P.},
	year         = 2004,
	month        = aug,
	journal      = {Tellus A},
	publisher    = {Informa UK Limited},
	volume       = 56,
	number       = 4,
	pages        = {328--341},
	doi          = {10.1111/j.1600-0870.2004.00060.x},
	issn         = {0280-6495, 1600-0870}
}
@article{Polyakov2002,
	title        = {Observationally based assessment of polar amplification of global warming},
	author       = {Polyakov, Igor V. and Alekseev, Genrikh V. and Bekryaev, Roman V. and Bhatt, Uma and Colony, Roger L. and Johnson, Mark A. and Karklin, Valerii P. and Makshtas, Alexander P. and Walsh, David and Yulin, Alexander V.},
	year         = 2002,
	month        = sep,
	journal      = {Geophysical Research Letters},
	publisher    = {American Geophysical Union (AGU)},
	volume       = 29,
	number       = 18,
	pages        = {25--1--25--4},
	doi          = {10.1029/2001gl011111},
	issn         = {0094-8276}
}
@article{Winton2006amplified,
	title        = {Amplified Arctic climate change: {What} does surface albedo feedback have to do with it?},
	author       = {Winton, Michael},
	year         = 2006,
	journal      = {Geophysical Research Letters},
	publisher    = {American Geophysical Union (AGU)},
	volume       = 33,
	number       = 3,
	pages        = {1--4},
	doi          = {10.1029/2005gl025244},
	issn         = {0094-8276}
}
@article{Langen2007,
	title        = {Polar amplification as a preferred response in an idealized aquaplanet {GCM}},
	author       = {Langen, Peter L. and Alexeev, Vladimir A.},
	year         = 2007,
	month        = feb,
	journal      = {Climate Dynamics},
	publisher    = {Springer Science and Business Media LLC},
	volume       = 29,
	number       = {2-3},
	pages        = {305--317},
	doi          = {10.1007/s00382-006-0221-x},
	issn         = {0930-7575, 1432-0894}
}
@article{Merlis2018,
	title        = {Simple Estimates of Polar Amplification in Moist Diffusive Energy Balance Models},
	author       = {Merlis, Timothy M. and Henry, Matthew},
	year         = 2018,
	month        = aug,
	journal      = {Journal of Climate},
	publisher    = {American Meteorological Society},
	volume       = 31,
	number       = 15,
	pages        = {5811--5824},
	doi          = {10.1175/jcli-d-17-0578.1},
	issn         = {0894-8755, 1520-0442}
}
@article{Alexeev2005,
	title        = {Polar amplification of surface warming on an aquaplanet in ``ghost forcing'' experiments without sea ice feedbacks},
	author       = {Alexeev, V.A. and Langen, P.L. and Bates, J.R.},
	year         = 2005,
	month        = apr,
	journal      = {Climate Dynamics},
	publisher    = {Springer Science and Business Media LLC},
	volume       = 24,
	number       = {7-8},
	pages        = {655--666},
	doi          = {10.1007/s00382-005-0018-3},
	issn         = {0930-7575, 1432-0894}
}
@article{Serreze2011,
	title        = {Processes and impacts of Arctic amplification: {A} research synthesis},
	author       = {Serreze, Mark C. and Barry, Roger G.},
	year         = 2011,
	month        = may,
	journal      = {Global and Planetary Change},
	publisher    = {Elsevier BV},
	volume       = 77,
	number       = {1-2},
	pages        = {85--96},
	doi          = {10.1016/j.gloplacha.2011.03.004},
	issn         = {0921-8181}
}
@article{Screen2010,
	title        = {The central role of diminishing sea ice in recent Arctic temperature amplification},
	author       = {Screen, James A. and Simmonds, Ian},
	year         = 2010,
	month        = apr,
	journal      = {Nature},
	publisher    = {Springer Science and Business Media LLC},
	volume       = 464,
	number       = 7293,
	pages        = {1334--1337},
	doi          = {10.1038/nature09051},
	issn         = {0028-0836, 1476-4687}
}
@article{Langen2012,
	title        = {Separation of Contributions from Radiative Feedbacks to Polar Amplification on an Aquaplanet},
	author       = {Langen, Peter L. and Graversen, Rune Grand and Mauritsen, Thorsten},
	year         = 2012,
	month        = apr,
	journal      = {Journal of Climate},
	publisher    = {American Meteorological Society},
	volume       = 25,
	number       = 8,
	pages        = {3010--3024},
	doi          = {10.1175/jcli-d-11-00246.1},
	issn         = {0894-8755, 1520-0442}
}
@article{Cai2005,
	title        = {Dynamical amplification of polar warming},
	author       = {Cai, Ming},
	year         = 2005,
	month        = nov,
	journal      = {Geophysical Research Letters},
	publisher    = {American Geophysical Union (AGU)},
	volume       = 32,
	number       = 22,
	pages        = {n/a-n/a},
	doi          = {10.1029/2005gl024481},
	issn         = {0094-8276}
}
@article{Cai2006,
	title        = {Dynamical greenhouse-plus feedback and polar warming amplification. Part I: {A} dry radiative-transportive climate model},
	author       = {Cai, Ming},
	year         = 2006,
	month        = jan,
	journal      = {Climate Dynamics},
	publisher    = {Springer Science and Business Media LLC},
	volume       = 26,
	number       = {7-8},
	pages        = {661--675},
	doi          = {10.1007/s00382-005-0104-6},
	isbn         = {0930-7575\r1432-0894},
	issn         = {0930-7575, 1432-0894}
}
@article{Pithan2014,
	title        = {Arctic amplification dominated by temperature feedbacks in contemporary climate models},
	author       = {Pithan, Felix and Mauritsen, Thorsten},
	year         = 2014,
	month        = feb,
	journal      = {Nature Geoscience},
	publisher    = {Springer Science and Business Media LLC},
	volume       = 7,
	number       = 3,
	pages        = {181--184},
	doi          = {10.1038/ngeo2071},
	issn         = {1752-0894, 1752-0908}
}
@article{Vavrus2004,
	title        = {The Impact of Cloud Feedbacks on Arctic Climate under Greenhouse Forcing*},
	author       = {Vavrus, Steve},
	year         = 2004,
	month        = feb,
	journal      = {Journal of Climate},
	publisher    = {American Meteorological Society},
	volume       = 17,
	number       = 3,
	pages        = {603--615},
	doi          = {10.1175/1520-0442(2004)017<0603:tiocfo>2.0.co;2},
	issn         = {0894-8755, 1520-0442}
}
@article{Graversen2009,
	title        = {Polar amplification in a coupled climate model with locked albedo},
	author       = {Graversen, Rune Grand and Wang, Minghuai},
	year         = 2009,
	month        = feb,
	journal      = {Climate Dynamics},
	publisher    = {Springer Science and Business Media LLC},
	volume       = 33,
	number       = 5,
	pages        = {629--643},
	doi          = {10.1007/s00382-009-0535-6},
	issn         = {0930-7575, 1432-0894}
}
@article{Goosse2018,
	title        = {Quantifying climate feedbacks in polar regions},
	author       = {Goosse, Hugues and Kay, Jennifer E. and Armour, Kyle C. and Bodas-Salcedo, Alejandro and Chepfer, Helene and Docquier, David and Jonko, Alexandra and Kushner, Paul J. and Lecomte, Olivier and Massonnet, François and Park, Hyo-Seok and Pithan, Felix and Svensson, Gunilla and Vancoppenolle, Martin},
	year         = 2018,
	month        = may,
	journal      = {Nature Communications},
	publisher    = {Springer Science and Business Media LLC},
	volume       = 9,
	number       = 1,
	doi          = {10.1038/s41467-018-04173-0},
	issn         = {2041-1723}
}
@article{Manabe1975,
	title        = {{The Effects of Doubling the {CO2} Concentration on the climate of a General Circulation Model}},
	author       = {Manabe, Syukuro and Wetherald, Richard T.},
	year         = 1975,
	journal      = {Journal of the Atmospheric Sciences},
	volume       = 32,
	number       = 1,
	pages        = {3--15}
}
@article{Kim2018,
	title        = {Sensitivity of Polar Amplification to Varying Insolation Conditions},
	author       = {Kim, Doyeon and Kang, Sarah M. and Shin, Yechul and Feldl, Nicole},
	year         = 2018,
	month        = jun,
	journal      = {Journal of Climate},
	publisher    = {American Meteorological Society},
	volume       = 31,
	number       = 12,
	pages        = {4933--4947},
	doi          = {10.1175/jcli-d-17-0627.1},
	issn         = {0894-8755, 1520-0442}
}
@article{Taylor2013,
	title        = {A Decomposition of Feedback Contributions to Polar Warming Amplification},
	author       = {Taylor, Patrick C. and Cai, Ming and Hu, Aixue and Meehl, Jerry and Washington, Warren and Zhang, Guang J.},
	year         = 2013,
	month        = sep,
	journal      = {Journal of Climate},
	publisher    = {American Meteorological Society},
	volume       = 26,
	number       = 18,
	pages        = {7023--7043},
	doi          = {10.1175/jcli-d-12-00696.1},
	issn         = {0894-8755, 1520-0442}
}
@article{Hall2004,
	title        = {The Role of Surface Albedo Feedback in Climate},
	author       = {Hall, Alex},
	year         = 2004,
	month        = apr,
	journal      = {Journal of Climate},
	publisher    = {American Meteorological Society},
	volume       = 17,
	number       = 7,
	pages        = {1550--1568},
	doi          = {10.1175/1520-0442(2004)017<1550:trosaf>2.0.co;2},
	issn         = {0894-8755, 1520-0442}
}
@article{Hansen1997,
	title        = {Radiative forcing and climate response},
	author       = {Hansen, J. and Sato, M. and Ruedy, R.},
	year         = 1997,
	month        = mar,
	journal      = {Journal of Geophysical Research: Atmospheres},
	publisher    = {American Geophysical Union (AGU)},
	volume       = 102,
	number       = {D6},
	pages        = {6831--6864},
	doi          = {10.1029/96jd03436},
	issn         = {0148-0227}
}
@article{Hansen2005,
	title        = {{Efficacy of climate forcings}},
	author       = {Hansen, J. and Sato, M. and Ruedy, R. and Nazarenko, L. and Lacis, A. and Schmidt, G.A. and Russell, G. and Aleinov, I. and Bauer, M. and Bauer, S. and Bell, N. and Cairns, B. and Canuto, V. and Chandler, M. and Cheng, Y. and {Del Genio}, A. and Faluvegi, G. and Fleming, E. and Friend, A. and Hall, T. and Jackman, C. and Kelley, M. and Kiang, N. and Koch, D. and Lean, J. and Lerner, J. and Lo, K. and Menon, S. and Miller, R. and Minnis, P. and Novakov, T. and Oinas, V. and Perlwitz, Ja and Perlwitz, Ju and Rind, D. and Romanou, A. and Shindell, D. and Stone, P. and Sun, S. and Tausnev, N. and Thresher, D. and Wielicki, B. and Wong, T. and Yao, M. and Zhang, S.},
	year         = 2005,
	journal      = {Journal of Geophysical Research D: Atmospheres},
	volume       = 110,
	number       = 18,
	pages        = {1--45},
	doi          = {10.1029/2005JD005776}
}
@article{Feldl2013,
	title        = {Four perspectives on climate feedbacks},
	author       = {Feldl, N. and Roe, G.H.},
	year         = 2013,
	month        = jul,
	journal      = {Geophysical Research Letters},
	publisher    = {American Geophysical Union (AGU)},
	volume       = 40,
	number       = 15,
	pages        = {4007--4011},
	doi          = {10.1002/grl.50711},
	issn         = {0094-8276}
}
@article{Soden2008,
	title        = {Quantifying Climate Feedbacks Using Radiative Kernels},
	author       = {Soden, Brian J. and Held, Isaac M. and Colman, Robert and Shell, Karen M. and Kiehl, Jeffrey T. and Shields, Christine A.},
	year         = 2008,
	month        = jul,
	journal      = {Journal of Climate},
	publisher    = {American Meteorological Society},
	volume       = 21,
	number       = 14,
	pages        = {3504--3520},
	doi          = {10.1175/2007jcli2110.1},
	issn         = {1520-0442, 0894-8755}
}
@article{Shell2008,
	title        = {Using the Radiative Kernel Technique to Calculate Climate Feedbacks in {NCAR's} Community Atmospheric Model},
	author       = {Shell, Karen M. and Kiehl, Jeffrey T. and Shields, Christine A.},
	year         = 2008,
	month        = may,
	journal      = {Journal of Climate},
	publisher    = {American Meteorological Society},
	volume       = 21,
	number       = 10,
	pages        = {2269--2282},
	doi          = {10.1175/2007jcli2044.1},
	issn         = {1520-0442, 0894-8755}
}
@article{Hansen1984,
	title        = {{Climate sensitivity: {Analysis} of feedback mechanisms}},
	author       = {Hansen, J and Lacis, A. and Rind, D. and Russell, G. and Stone, P. and Fung, I and Ruedy, R. and Lerner, J.},
	year         = 1984,
	journal      = {Climate Processes and Climate Sensitivity, Geophysical Monograph},
	volume       = 29,
	pages        = {130--163},
	doi          = {10.1029/GM029p0130}
}
@article{Feldl2013a,
	title        = {The Nonlinear and Nonlocal Nature of Climate Feedbacks},
	author       = {Feldl, Nicole and Roe, Gerard H.},
	year         = 2013,
	month        = oct,
	journal      = {Journal of Climate},
	publisher    = {American Meteorological Society},
	volume       = 26,
	number       = 21,
	pages        = {8289--8304},
	doi          = {10.1175/jcli-d-12-00631.1},
	issn         = {0894-8755, 1520-0442}
}
@article{Soden2006,
	title        = {An Assessment of Climate Feedbacks in Coupled {Ocean--Atmosphere} Models},
	author       = {Soden, Brian J. and Held, Isaac M.},
	year         = 2006,
	month        = jul,
	journal      = {Journal of Climate},
	publisher    = {American Meteorological Society},
	volume       = 19,
	number       = 14,
	pages        = {3354--3360},
	doi          = {10.1175/jcli3799.1},
	isbn         = {0894-8755},
	issn         = {1520-0442, 0894-8755}
}
@article{Bony2006,
	title        = {How Well Do We Understand and Evaluate Climate Change Feedback Processes?},
	author       = {Bony, Sandrine and Colman, Robert and Kattsov, Vladimir M. and Allan, Richard P. and Bretherton, Christopher S. and Dufresne, Jean-Louis and Hall, Alex and Hallegatte, Stephane and Holland, Marika M. and Ingram, William and Randall, David A. and Soden, Brian J. and Tselioudis, George and Webb, Mark J.},
	year         = 2006,
	month        = aug,
	journal      = {Journal of Climate},
	publisher    = {American Meteorological Society},
	volume       = 19,
	number       = 15,
	pages        = {3445--3482},
	doi          = {10.1175/jcli3819.1},
	issn         = {1520-0442, 0894-8755}
}
@article{Feldl2017,
	title        = {Atmospheric Eddies Mediate Lapse Rate Feedback and Arctic Amplification},
	author       = {Feldl, Nicole and Anderson, Bruce T. and Bordoni, Simona},
	year         = 2017,
	month        = nov,
	journal      = {Journal of Climate},
	publisher    = {American Meteorological Society},
	volume       = 30,
	number       = 22,
	pages        = {9213--9224},
	doi          = {10.1175/jcli-d-16-0706.1},
	issn         = {0894-8755, 1520-0442}
}
@article{Wetherald1988,
	title        = {Cloud Feedback Processes in a General Circulation Model},
	author       = {Wetherald, R.T. and Manabe, S.},
	year         = 1988,
	month        = apr,
	journal      = {Journal of the Atmospheric Sciences},
	publisher    = {American Meteorological Society},
	volume       = 45,
	number       = 8,
	pages        = {1397--1416},
	doi          = {10.1175/1520-0469(1988)045<1397:cfpiag>2.0.co;2},
	issn         = {0022-4928, 1520-0469}
}
@article{Gregory2004,
	title        = {A new method for diagnosing radiative forcing and climate sensitivity},
	author       = {Gregory, J.M.},
	year         = 2004,
	journal      = {Geophysical Research Letters},
	publisher    = {American Geophysical Union (AGU)},
	volume       = 31,
	number       = 3,
	pages        = {L03205},
	doi          = {10.1029/2003gl018747},
	issn         = {0094-8276}
}
@article{Feldl2016,
	title        = {Characterizing the Hadley Circulation Response through Regional Climate Feedbacks},
	author       = {Feldl, N. and Bordoni, S.},
	year         = 2016,
	month        = jan,
	journal      = {Journal of Climate},
	publisher    = {American Meteorological Society},
	volume       = 29,
	number       = 2,
	pages        = {613--622},
	doi          = {10.1175/jcli-d-15-0424.1},
	issn         = {0894-8755, 1520-0442}
}
@article{Liu2018,
	title        = {An Assessment of Tropospheric Water Vapor Feedback Using Radiative Kernels},
	author       = {Liu, Run and Su, Hui and Liou, Kuo‐Nan and Jiang, Jonathan H. and Gu, Yu and Liu, Shaw Chen and Shiu, Chein‐Jung},
	year         = 2018,
	month        = feb,
	journal      = {Journal of Geophysical Research: Atmospheres},
	publisher    = {American Geophysical Union (AGU)},
	volume       = 123,
	number       = 3,
	pages        = {1499--1509},
	doi          = {10.1002/2017jd027512},
	issn         = {2169-897X, 2169-8996}
}
@article{Huang2017,
	title        = {On the pattern of {CO2} radiative forcing and poleward energy transport},
	author       = {Huang, Yi and Xia, Yan and Tan, Xiaoxiao},
	year         = 2017,
	month        = oct,
	journal      = {Journal of Geophysical Research: Atmospheres},
	publisher    = {American Geophysical Union (AGU)},
	volume       = 122,
	number       = 20,
	pages        = {10,578--10,593},
	doi          = {10.1002/2017jd027221},
	issn         = {2169-897X}
}
@article{Pendergrass2018,
	title        = {Surface and top-of-atmosphere radiative feedback kernels for {CESM}-{CAM5}},
	author       = {Pendergrass, Angeline G. and Conley, Andrew and Vitt, Francis M.},
	year         = 2018,
	month        = feb,
	journal      = {Earth System Science Data},
	publisher    = {Copernicus GmbH},
	volume       = 10,
	number       = 1,
	pages        = {317--324},
	doi          = {10.5194/essd-10-317-2018},
	isbn         = {1866-3508},
	issn         = {1866-3516}
}
@article{Serreze2006,
	title        = {The Arctic Amplification Debate},
	author       = {Serreze, Mark C. and Francis, Jennifer A.},
	year         = 2006,
	month        = mar,
	journal      = {Climatic Change},
	publisher    = {Springer Science and Business Media LLC},
	volume       = 76,
	number       = {3-4},
	pages        = {241--264},
	doi          = {10.1007/s10584-005-9017-y},
	issn         = {0165-0009, 1573-1480}
}
@article{Winton2006surface,
	title        = {Surface Albedo Feedback Estimates for the {AR4} Climate Models},
	author       = {Winton, Michael},
	year         = 2006,
	month        = feb,
	journal      = {Journal of Climate},
	publisher    = {American Meteorological Society},
	volume       = 19,
	number       = 3,
	pages        = {359--365},
	doi          = {10.1175/jcli3624.1},
	issn         = {1520-0442, 0894-8755}
}
@article{Screen2012,
	title        = {Local and remote controls on observed Arctic warming},
	author       = {Screen, J.A. and Deser, C. and Simmonds, I.},
	year         = 2012,
	month        = may,
	journal      = {Geophysical Research Letters},
	publisher    = {American Geophysical Union (AGU)},
	volume       = 39,
	number       = 10,
	pages        = {n/a-n/a},
	doi          = {10.1029/2012gl051598},
	issn         = {0094-8276}
}
@article{Park2018,
	title        = {Contrasting Local and Remote Impacts of Surface Heating on Polar Warming and Amplification},
	author       = {Park, Kiwoong and Kang, Sarah M. and Kim, Doyeon and Stuecker, Malte F. and Jin, Fei-Fei},
	year         = 2018,
	month        = mar,
	journal      = {Journal of Climate},
	publisher    = {American Meteorological Society},
	volume       = 31,
	number       = 8,
	pages        = {3155--3166},
	doi          = {10.1175/jcli-d-17-0600.1},
	issn         = {0894-8755, 1520-0442}
}
@article{Graversen2014,
	title        = {Polar Amplification in {CCSM4:} {Contributions} from the Lapse Rate and Surface Albedo Feedbacks},
	author       = {Graversen, Rune G. and Langen, Peter L. and Mauritsen, Thorsten},
	year         = 2014,
	month        = jun,
	journal      = {Journal of Climate},
	publisher    = {American Meteorological Society},
	volume       = 27,
	number       = 12,
	pages        = {4433--4450},
	doi          = {10.1175/jcli-d-13-00551.1},
	issn         = {0894-8755, 1520-0442}
}
@article{Schneider1999,
	title        = {Tropospheric Water Vapor and Climate Sensitivity},
	author       = {Schneider, Edwin K. and Kirtman, Ben P. and Lindzen, Richard S.},
	year         = 1999,
	month        = jun,
	journal      = {Journal of the Atmospheric Sciences},
	publisher    = {American Meteorological Society},
	volume       = 56,
	number       = 11,
	pages        = {1649--1658},
	doi          = {10.1175/1520-0469(1999)056<1649:twvacs>2.0.co;2},
	isbn         = {0022-4928},
	issn         = {0022-4928, 1520-0469}
}
